@article{beampaper,
    author ="Jones, S. B. and Nonnenmacher, T. S. and others",
    year = {2020},
    title = "{Off-Axis Characterisation of the CERN T10 Beam for low Momentum Proton Measurements with a High Pressure Gas Time Projection Chamber}",
    journal = {Instruments},
    volume = {4},
    month = jul,
    number = {21}
}

@article{Abi:2020qib,
    author = {Abi, B. and others},
    title = "{Long-baseline neutrino oscillation physics potential of the DUNE experiment}",
    keywords = {High Energy Physics - Experiment, High Energy Physics - Phenomenology},
    year = 2020,
    month = jun,
    journal = "arXiv preprints",
    eid = {arXiv:2006.16043},
    archivePrefix = {arXiv},
    eprint = {2006.16043},
    primaryClass = {hep-ex},
    adsurl = {https://ui.adsabs.harvard.edu/abs/2020arXiv200616043D},
    adsnote = {Provided by the SAO/NASA Astrophysics Data System}
}

@article{numuDiscovery,
  title = {Observation of High-Energy Neutrino Reactions and the Existence of Two Kinds of Neutrinos},
  author = {Danby, G. and Gaillard, J-M. and Goulianos, K. and Lederman, L. M. and Mistry, N. and Schwartz, M. and Steinberger, J.},
  journal = {Phys. Rev. Lett.},
  volume = {9},
  issue = {1},
  pages = {36--44},
  numpages = {0},
  year = {1962},
  month = jul,
  publisher = {American Physical Society},
  doi = {10.1103/PhysRevLett.9.36}
%  url = {https://link.aps.org/doi/10.1103/PhysRevLett.9.36}
}


@article{ideaOfNeutrino, 
  title={The idea of the neutrino},
  author={L. M. Brown},
  journal={Physics Today},
  year={1978},
  volume={31},
  issue={9},
  pages={23},
  doi={10.1063/1.2995181}
}

@article{neutronDiscovery,
  title={Possible Existence of a Neutron},
  author={J. Chadwick},
  journal={Nature},
  volume={129},
  pages={312},
  year={1932},
  doi={10.1038/129312a0}
}

@article{cowanReines,
  title={Detection of the Free Neutrino: a Confirmation},
  author={C. L. Cowan Jr. and F. Reines and F. B. Harrison and H. W. Kruse and A. D. McGuire},
  journal={Science},
  volume={124},
  year={1956},
  pages={103--104},
  issue={3212},
  doi={10.1126/science.124.3212.103}
}

@article{csWu,
  title = {Experimental Test of Parity Conservation in Beta Decay},
  author = {Wu, C. S. and Ambler, E. and Hayward, R. W. and Hoppes, D. D. and Hudson, R. P.},
  journal = {Phys. Rev.},
  volume = {105},
  issue = {4},
  pages = {1413--1415},
  year = {1957},
  month = {Feb},
  publisher = {American Physical Society},
  doi = {10.1103/PhysRev.105.1413},
  url = {https://link.aps.org/doi/10.1103/PhysRev.105.1413}
}

@article{Goldhaber,
  title = {Helicity of Neutrinos},
  author = {Goldhaber, M. and Grodzins, L. and Sunyar, A. W.},
  journal = {Phys. Rev.},
  volume = {109},
  issue = {3},
  pages = {1015--1017},
  numpages = {0},
  year = {1958},
  month = {Feb},
  publisher = {American Physical Society},
  doi = {10.1103/PhysRev.109.1015},
  url = {https://link.aps.org/doi/10.1103/PhysRev.109.1015}
}

@article{zBosonWidth,
  title = {The Measurement of the Number of Light Neutrino Species at LEP},
  author = {Mele, S.},
  journal = {Adv. Ser. Direct. High Energy Phys.},
  year = {2015},
  pages = {89--106},
  volume = {23},
  doi = {10.1142/9789814644150_0004}
}

@article{tauNeutrino,
author = {{DONUT Collaboration} and {Kodama}, K. and {Ushida}, N. and
         {Andreopoulos}, C. and {Saoulidou}, N. and {Tzanakos}, G. and
         {Yager}, P. and {Baller}, B. and {Boehnlein}, D. and {Freeman}, W. and
         {Lundberg}, B. and {Morfin}, J. and {Rameika}, R. and {Yun}, J.~C. and
         {Song}, J.~S. and {Yoon}, C.~S. and {Chung}, S.~H. and {Berghaus}, P. and
         {Kubantsev}, M. and {Reay}, N.~W. and {Sidwell}, R. and {Stanton}, N. and
         {Yoshida}, S. and {Aoki}, S. and {Hara}, T. and {Rhee}, J.~T. and
         {Ciampa}, D. and {Erickson}, C. and {Graham}, M. and {Heller}, K. and
         {Rusack}, R. and {Schwienhorst}, R. and {Sielaff}, J. and
         {Trammell}, J. and {Wilcox}, J. and {Hoshino}, K. and {Jiko}, H. and
         {Miyanishi}, M. and {Komatsu}, M. and {Nakamura}, M. and {Nakano}, T. and
         {Niwa}, K. and {Nonaka}, N. and {Okada}, K. and {Sato}, O. and
         {Akdogan}, T. and {Paolone}, V. and {Rosenfeld}, C. and {Kulik}, A. and
         {Kafka}, T. and {Oliver}, W. and {Patzak}, T. and {Schneps}, J.},
        title = "{Observation of tau neutrino interactions}",
      journal = {Phys. Lett. B},
     keywords = {High Energy Physics - Experiment},
         year = 2001,
        month = apr,
       volume = {504},
       number = {3},
        pages = {218--224},
          doi = {10.1016/S0370-2693(01)00307-0},
archivePrefix = {arXiv},
       eprint = {hep-ex/0012035},
 primaryClass = {hep-ex},
       adsurl = {https://ui.adsabs.harvard.edu/abs/2001PhLB..504..218D}
}

@article{tauLepton,
  title = {Evidence for Anomalous Lepton Production in ${e}^{+}\ensuremath{-}{e}^{\ensuremath{-}}$ Annihilation},
  author = {Perl, M. L. and Abrams, G. S. and Boyarski, A. M. and Breidenbach, M. and Briggs, D. D. and Bulos, F. and Chinowsky, W. and Dakin, J. T. and Feldman, G. J. and Friedberg, C. E. and Fryberger, D. and Goldhaber, G. and Hanson, G. and Heile, F. B. and Jean-Marie, B. and Kadyk, J. A. and Larsen, R. R. and Litke, A. M. and L\"uke, D. and Lulu, B. A. and L\"uth, V. and Lyon, D. and Morehouse, C. C. and Paterson, J. M. and Pierre, F. M. and Pun, T. P. and Rapidis, P. A. and Richter, B. and Sadoulet, B. and Schwitters, R. F. and Tanenbaum, W. and Trilling, G. H. and Vannucci, F. and Whitaker, J. S. and Winkelmann, F. C. and Wiss, J. E.},
  journal = {Phys. Rev. Lett.},
  volume = {35},
  issue = {22},
  pages = {1489--1492},
  numpages = {0},
  year = {1975},
  month = dec,
  publisher = {American Physical Society},
  doi = {10.1103/PhysRevLett.35.1489},
}

@article{pdg2018,
  title = {Review of Particle Physics},
  author = {Tanabashi, M. and Hagiwara, K. and Hikasa, K. and Nakamura, K. and Sumino, Y. and Takahashi, F. and Tanaka, J. and Agashe, K. and Aielli, G. and Amsler, C. and Antonelli, M. and Asner, D. M. and Baer, H. and Banerjee, Sw. and Barnett, R. M. and Basaglia, T. and Bauer, C. W. and Beatty, J. J. and Belousov, V. I. and Beringer, J. and Bethke, S. and Bettini, A. and Bichsel, H. and Biebel, O. and Black, K. M. and Blucher, E. and Buchmuller, O. and Burkert, V. and Bychkov, M. A. and Cahn, R. N. and Carena, M. and Ceccucci, A. and Cerri, A. and Chakraborty, D. and Chen, M.-C. and Chivukula, R. S. and Cowan, G. and Dahl, O. and D'Ambrosio, G. and Damour, T. and de Florian, D. and de Gouv\^ea, A. and DeGrand, T. and de Jong, P. and Dissertori, G. and Dobrescu, B. A. and D'Onofrio, M. and Doser, M. and Drees, M. and Dreiner, H. K. and Dwyer, D. A. and Eerola, P. and Eidelman, S. and Ellis, J. and Erler, J. and Ezhela, V. V. and Fetscher, W. and Fields, B. D. and Firestone, R. and Foster, B. and Freitas, A. and Gallagher, H. and Garren, L. and Gerber, H.-J. and Gerbier, G. and Gershon, T. and Gershtein, Y. and Gherghetta, T. and Godizov, A. A. and Goodman, M. and Grab, C. and Gritsan, A. V. and Grojean, C. and Groom, D. E. and Gr\"unewald, M. and Gurtu, A. and Gutsche, T. and Haber, H. E. and Hanhart, C. and Hashimoto, S. and Hayato, Y. and Hayes, K. G. and Hebecker, A. and Heinemeyer, S. and Heltsley, B. and Hern\'andez-Rey, J. J. and Hisano, J. and H\"ocker, A. and Holder, J. and Holtkamp, A. and Hyodo, T. and Irwin, K. D. and Johnson, K. F. and Kado, M. and Karliner, M. and Katz, U. F. and Klein, S. R. and Klempt, E. and Kowalewski, R. V. and Krauss, F. and Kreps, M. and Krusche, B. and Kuyanov, Yu. V. and Kwon, Y. and Lahav, O. and Laiho, J. and Lesgourgues, J. and Liddle, A. and Ligeti, Z. and Lin, C.-J. and Lippmann, C. and Liss, T. M. and Littenberg, L. and Lugovsky, K. S. and Lugovsky, S. B. and Lusiani, A. and Makida, Y. and Maltoni, F. and Mannel, T. and Manohar, A. V. and Marciano, W. J. and Martin, A. D. and Masoni, A. and Matthews, J. and Mei\ss{}ner, U.-G. and Milstead, D. and Mitchell, R. E. and M\"onig, K. and Molaro, P. and Moortgat, F. and Moskovic, M. and Murayama, H. and Narain, M. and Nason, P. and Navas, S. and Neubert, M. and Nevski, P. and Nir, Y. and Olive, K. A. and Pagan Griso, S. and Parsons, J. and Patrignani, C. and Peacock, J. A. and Pennington, M. and Petcov, S. T. and Petrov, V. A. and Pianori, E. and Piepke, A. and Pomarol, A. and Quadt, A. and Rademacker, J. and Raffelt, G. and Ratcliff, B. N. and Richardson, P. and Ringwald, A. and Roesler, S. and Rolli, S. and Romaniouk, A. and Rosenberg, L. J. and Rosner, J. L. and Rybka, G. and Ryutin, R. A. and Sachrajda, C. T. and Sakai, Y. and Salam, G. P. and Sarkar, S. and Sauli, F. and Schneider, O. and Scholberg, K. and Schwartz, A. J. and Scott, D. and Sharma, V. and Sharpe, S. R. and Shutt, T. and Silari, M. and Sj\"ostrand, T. and Skands, P. and Skwarnicki, T. and Smith, J. G. and Smoot, G. F. and Spanier, S. and Spieler, H. and Spiering, C. and Stahl, A. and Stone, S. L. and Sumiyoshi, T. and Syphers, M. J. and Terashi, K. and Terning, J. and Thoma, U. and Thorne, R. S. and Tiator, L. and Titov, M. and Tkachenko, N. P. and T\"ornqvist, N. A. and Tovey, D. R. and Valencia, G. and Van de Water, R. and Varelas, N. and Venanzoni, G. and Verde, L. and Vincter, M. G. and Vogel, P. and Vogt, A. and Wakely, S. P. and Walkowiak, W. and Walter, C. W. and Wands, D. and Ward, D. R. and Wascko, M. O. and Weiglein, G. and Weinberg, D. H. and Weinberg, E. J. and White, M. and Wiencke, L. R. and Willocq, S. and Wohl, C. G. and Womersley, J. and Woody, C. L. and Workman, R. L. and Yao, W.-M. and Zeller, G. P. and Zenin, O. V. and Zhu, R.-Y. and Zhu, S.-L. and Zimmermann, F. and Zyla, P. A. and Anderson, J. and Fuller, L. and Lugovsky, V. S. and Schaffner, P.},
  collaboration = {Particle Data Group},
  journal = {Phys. Rev. D},
  volume = {98},
  issue = {3},
  pages = {030001},
  numpages = {1898},
  year = {2018},
  month = aug,
  publisher = {American Physical Society},
  doi = {10.1103/PhysRevD.98.030001},
}

@article{donutFinal,
  title = {Final tau-neutrino results from the DONuT experiment},
  author = {Kodama, K. and Ushida, N. and Andreopoulos, C. and Saoulidou, N. and Tzanakos, G. and Yager, P. and Baller, B. and Boehnlein, D. and Freeman, W. and Lundberg, B. and Morfin, J. and Rameika, R. and Chung, S. H. and Song, J. S. and Yoon, C. S. and Berghaus, P. and Kubantsev, M. and Reay, N. W. and Sidwell, R. and Stanton, N. and Yoshida, S. and Aoki, S. and Hara, T. and Rhee, J. T. and Ciampa, D. and Erickson, C. and Graham, M. and Maher, E. and Heller, K. and Rusack, R. and Schwienhorst, R. and Sielaff, J. and Trammell, J. and Wilcox, J. and Furukawa, T. and Hoshino, K. and Jiko, H. and Komatsu, M. and Nakamura, M. and Nakano, T. and Niwa, K. and Nonaka, N. and Okada, K. and Park, B. D. and Sato, O. and Takahashi, S. and Paolone, V. and Rosenfeld, C. and Kulik, A. and Kafka, T. and Oliver, W. and Patzak, T. and Schneps, J.},
  collaboration = {DONuT Collaboration},
  journal = {Phys. Rev. D},
  volume = {78},
  issue = {5},
  pages = {052002},
  numpages = {20},
  year = {2008},
  month = Sep,
  publisher = {American Physical Society},
  doi = {10.1103/PhysRevD.78.052002}
}

@article{dsFraction,
  title = {Review of Particle Physics},
  author = {Zyla P. A. and others},
  collaboration = {Particle Data Group},
  journal = {Prog. Theor. Exp. Phys.},
  year  = {2020}
}

@article{rayDavis,
  title = {Search for Neutrinos from the Sun},
  author = {Davis, R. and Harmer, D. S. and Hoffman, K. C.},
  journal = {Phys. Rev. Lett.},
  volume = {20},
  issue = {21},
  pages = {1205--1209},
  numpages = {0},
  year = {1968},
  month = May,
  publisher = {American Physical Society},
  doi = {10.1103/PhysRevLett.20.1205}
}

@article{neutrinoHistory,
       author = {{Bilenky}, S.~M.},
        title = "{Neutrino. History of a unique particle}",
      journal = {European Physical Journal H},
     keywords = {High Energy Physics - Phenomenology},
         year = 2013,
        month = may,
       volume = {38},
       number = {3},
        pages = {345-404},
          doi = {10.1140/epjh/e2012-20068-9},
archivePrefix = {arXiv},
       eprint = {1210.3065},
 primaryClass = {hep-ph}
}

@article{superK,
  title = {Evidence for Oscillation of Atmospheric Neutrinos},
  author = {Fukuda, Y. and Hayakawa, T. and Ichihara, E. and Inoue, K. and Ishihara, K. and Ishino, H. and Itow, Y. and Kajita, T. and Kameda, J. and Kasuga, S. and Kobayashi, K. and Kobayashi, Y. and Koshio, Y. and Miura, M. and Nakahata, M. and Nakayama, S. and Okada, A. and Okumura, K. and Sakurai, N. and Shiozawa, M. and Suzuki, Y. and Takeuchi, Y. and Totsuka, Y. and Yamada, S. and Earl, M. and Habig, A. and Kearns, E. and Messier, M. D. and Scholberg, K. and Stone, J. L. and Sulak, L. R. and Walter, C. W. and Goldhaber, M. and Barszczxak, T. and Casper, D. and Gajewski, W. and Halverson, P. G. and Hsu, J. and Kropp, W. R. and Price, L. R. and Reines, F. and Smy, M. and Sobel, H. W. and Vagins, M. R. and Ganezer, K. S. and Keig, W. E. and Ellsworth, R. W. and Tasaka, S. and Flanagan, J. W. and Kibayashi, A. and Learned, J. G. and Matsuno, S. and Stenger, V. J. and Takemori, D. and Ishii, T. and Kanzaki, J. and Kobayashi, T. and Mine, S. and Nakamura, K. and Nishikawa, K. and Oyama, Y. and Sakai, A. and Sakuda, M. and Sasaki, O. and Echigo, S. and Kohama, M. and Suzuki, A. T. and Haines, T. J. and Blaufuss, E. and Kim, B. K. and Sanford, R. and Svoboda, R. and Chen, M. L. and Conner, Z. and Goodman, J. A. and Sullivan, G. W. and Hill, J. and Jung, C. K. and Martens, K. and Mauger, C. and McGrew, C. and Sharkey, E. and Viren, B. and Yanagisawa, C. and Doki, W. and Miyano, K. and Okazawa, H. and Saji, C. and Takahata, M. and Nagashima, Y. and Takita, M. and Yamaguchi, T. and Yoshida, M. and Kim, S. B. and Etoh, M. and Fujita, K. and Hasegawa, A. and Hasegawa, T. and Hatakeyama, S. and Iwamoto, T. and Koga, M. and Maruyama, T. and Ogawa, H. and Shirai, J. and Suzuki, A. and Tsushima, F. and Koshiba, M. and Nemoto, M. and Nishijima, K. and Futagami, T. and Hayato, Y. and Kanaya, Y. and Kaneyuki, K. and Watanabe, Y. and Kielczewska, D. and Doyle, R. A. and George, J. S. and Stachyra, A. L. and Wai, L. L. and Wilkes, R. J. and Young, K. K.},
  collaboration = {Super-Kamiokande Collaboration},
  journal = {Phys. Rev. Lett.},
  volume = {81},
  issue = {8},
  pages = {1562--1567},
  numpages = {0},
  year = {1998},
  month = Aug,
  publisher = {American Physical Society},
  doi = {10.1103/PhysRevLett.81.1562}
}

@article{SNO,
       author = {{Aharmim}, B. and {Ahmed}, S.~N. and {Anthony}, A.~E. and {Barros}, N. and
         {Beier}, E.~W. and {Bellerive}, A. and {Beltran}, B. and
         {Bergevin}, M. and {Biller}, S.~D. and {Boudjemline}, K. and
         {Boulay}, M.~G. and {Cai}, B. and {Chan}, Y.~D. and {Chauhan}, D. and
         {Chen}, M. and {Cleveland}, B.~T. and {Cox}, G.~A. and {Dai}, X. and
         {Deng}, H. and {Detwiler}, J.~A. and {DiMarco}, M. and {Doe}, P.~J. and
         {Doucas}, G. and {Drouin}, P. -L. and {Duncan}, F.~A. and
         {Dunford}, M. and {Earle}, E.~D. and {Elliott}, S.~R. and
         {Evans}, H.~C. and {Ewan}, G.~T. and {Farine}, J. and {Fergani}, H. and
         {Fleurot}, F. and {Ford}, R.~J. and {Formaggio}, J.~A. and
         {Gagnon}, N. and {Goon}, J. TM. and {Graham}, K. and {Guillian}, E. and
         {Habib}, S. and {Hahn}, R.~L. and {Hallin}, A.~L. and {Hallman}, E.~D. and
         {Harvey}, P.~J. and {Hazama}, R. and {Heintzelman}, W.~J. and
         {Heise}, J. and {Helmer}, R.~L. and {Hime}, A. and {Howard}, C. and
         {Huang}, M. and {Jagam}, P. and {Jamieson}, B. and {Jelley}, N.~A. and
         {Jerkins}, M. and {Keeter}, K.~J. and {Klein}, J.~R. and
         {Kormos}, L.~L. and {Kos}, M. and {Kraus}, C. and {Krauss}, C.~B. and
         {Kruger}, A. and {Kutter}, T. and {Kyba}, C.~C.~M. and {Lange}, R. and
         {Law}, J. and {Lawson}, I.~T. and {Lesko}, K.~T. and {Leslie}, J.~R. and
         {Loach}, J.~C. and {MacLellan}, R. and {Majerus}, S. and {Mak}, H.~B. and
         {Maneira}, J. and {Martin}, R. and {McCauley}, N. and
         {McDonald}, A.~B. and {McGee}, S.~R. and {Miller}, M.~L. and
         {Monreal}, B. and {Monroe}, J. and {Nickel}, B.~G. and {Noble}, A.~J. and
         {O'Keeffe}, H.~M. and {Oblath}, N.~S. and {Ollerhead}, R.~W. and
         {Orebi Gann}, G.~D. and {Oser}, S.~M. and {Ott}, R.~A. and
         {Peeters}, S.~J.~M. and {Poon}, A.~W.~P. and {Prior}, G. and
         {Reitzner}, S.~D. and {Rielage}, K. and {Robertson}, B.~C. and
         {Robertson}, R.~G.~H. and {Rosten}, R.~C. and {Schwendener}, M.~H. and
         {Secrest}, J.~A. and {Seibert}, S.~R. and {Simard}, O. and
         {Simpson}, J.~J. and {Skensved}, P. and {Sonley}, T.~J. and
         {Stonehill}, L.~C. and {Te{\v{s}}i{\'c}}, G. and {Tolich}, N. and
         {Tsui}, T. and {Van Berg}, R. and {VanDevender}, B.~A. and
         {Virtue}, C.~J. and {Wan Chan Tseung}, H. and {Wark}, D.~L. and
         {Watson}, P.~J.~S. and {Wendland}, J. and {West}, N. and
         {Wilkerson}, J.~F. and {Wilson}, J.~R. and {Wouters}, J.~M. and
         {Wright}, A. and {Yeh}, M. and {Zhang}, F. and {Zuber}, K.},
        title = "{Combined analysis of all three phases of solar neutrino data from the Sudbury Neutrino Observatory}",
      journal = {Phys. Rev. C},
         year = {2013},
        month = aug,
       volume = {88},
       number = {2},
          eid = {025501},
        pages = {025501},
          doi = {10.1103/PhysRevC.88.025501},
archivePrefix = {arXiv},
       eprint = {1109.0763},
 primaryClass = {nucl-ex}
}

@article{kamland2003,
  title = {First Results from KamLAND: Evidence for Reactor Antineutrino Disappearance},
  author = {Eguchi, K. and Enomoto, S. and Furuno, K. and Goldman, J. and Hanada, H. and Ikeda, H. and Ikeda, K. and Inoue, K. and Ishihara, K. and Itoh, W. and Iwamoto, T. and Kawaguchi, T. and Kawashima, T. and Kinoshita, H. and Kishimoto, Y. and Koga, M. and Koseki, Y. and Maeda, T. and Mitsui, T. and Motoki, M. and Nakajima, K. and Nakajima, M. and Nakajima, T. and Ogawa, H. and Owada, K. and Sakabe, T. and Shimizu, I. and Shirai, J. and Suekane, F. and Suzuki, A. and Tada, K. and Tajima, O. and Takayama, T. and Tamae, K. and Watanabe, H. and Busenitz, J. and Djurcic, Z. and McKinny, K. and Mei, D.-M. and Piepke, A. and Yakushev, E. and Berger, B. E. and Chan, Y. D. and Decowski, M. P. and Dwyer, D. A. and Freedman, S. J. and Fu, Y. and Fujikawa, B. K. and Heeger, K. M. and Lesko, K. T. and Luk, K.-B. and Murayama, H. and Nygren, D. R. and Okada, C. E. and Poon, A. W. P. and Steiner, H. M. and Winslow, L. A. and Horton-Smith, G. A. and McKeown, R. D. and Ritter, J. and Tipton, B. and Vogel, P. and Lane, C. E. and Miletic, T. and Gorham, P. W. and Guillian, G. and Learned, J. G. and Maricic, J. and Matsuno, S. and Pakvasa, S. and Dazeley, S. and Hatakeyama, S. and Murakami, M. and Svoboda, R. C. and Dieterle, B. D. and DiMauro, M. and Detwiler, J. and Gratta, G. and Ishii, K. and Tolich, N. and Uchida, Y. and Batygov, M. and Bugg, W. and Cohn, H. and Efremenko, Y. and Kamyshkov, Y. and Kozlov, A. and Nakamura, Y. and Braeckeleer, L. De and Gould, C. R. and Karwowski, H. J. and Markoff, D. M. and Messimore, J. A. and Nakamura, K. and Rohm, R. M. and Tornow, W. and Young, A. R. and Wang, Y.-F.},
  collaboration = {KamLAND Collaboration},
  journal = {Phys. Rev. Lett.},
  volume = {90},
  issue = {2},
  pages = {021802},
  numpages = {6},
  year = {2003},
  month = Jan,
  publisher = {American Physical Society},
  doi = {10.1103/PhysRevLett.90.021802},
}

@article{k2kDisapp,
       author = {{Ahn}, M.~H. and {Aoki}, S. and {Bhang}, H. and {Boyd}, S. and
         {Casper}, D. and {Choi}, J.~H. and {Fukuda}, S. and {Fukuda}, Y. and
         {Gajewski}, W. and {Hara}, T. and {Hasegawa}, M. and {Hasegawa}, T. and
         {Hayato}, Y. and {Hill}, J. and {Ichikawa}, A.~K. and {Ikeda}, A. and
         {Inagaki}, T. and {Ishida}, T. and {Ishii}, T. and {Ishitsuka}, M. and
         {Itow}, Y. and {Iwashita}, T. and {Jang}, H.~I. and {Jang}, J.~S. and
         {Jeon}, E.~J. and {Jung}, C.~K. and {Kajita}, T. and {Kameda}, J. and
         {Kaneyuki}, K. and {Kato}, I. and {Kearns}, E. and {Kibayashi}, A. and
         {Kielczewska}, D. and {Kobayashi}, K. and {Kim}, B.~J. and
         {Kim}, C.~O. and {Kim}, J.~Y. and {Kim}, S.~B. and {Kobayashi}, T. and
         {Kohama}, M. and {Koshio}, Y. and {Kropp}, W.~R. and {Learned}, J.~G. and
         {Lim}, S.~H. and {Lim}, I.~T. and {Maesaka}, H. and {Martens}, K. and
         {Maruyama}, T. and {Matsuno}, S. and {Mauger}, C. and {McGrew}, C. and
         {Mine}, S. and {Miura}, M. and {Miyano}, K. and {Moriyama}, S. and
         {Nakahata}, M. and {Nakamura}, K. and {Nakano}, I. and {Nakata}, F. and
         {Nakaya}, T. and {Nakayama}, S. and {Namba}, T. and {Nishikawa}, K. and
         {Nishiyama}, S. and {Noda}, S. and {Obayashi}, A. and {Okada}, A. and
         {Ooyabu}, T. and {Oyama}, Y. and {Pac}, M.~Y. and {Park}, H. and
         {Sakuda}, M. and {Sakurai}, N. and {Sasao}, N. and {Scholberg}, K. and
         {Sharkey}, E. and {Shiozawa}, M. and {So}, H. and {Sobel}, H.~W. and
         {Stachyra}, A. and {Stone}, J.~L. and {Suga}, Y. and {Sulak}, L.~R. and
         {Suzuki}, A. and {Suzuki}, Y. and {Takeuchi}, Y. and {Tamura}, N. and
         {Toshito}, T. and {Totsuka}, Y. and {Vagins}, M.~R. and
         {Walter}, C.~W. and {Wilkes}, R.~J. and {Yamada}, S. and
         {Yamamoto}, S. and {Yanagisawa}, C. and {Yokoyama}, H. and {Yoo}, J. and
         {Yoshida}, M. and {Zalipska}, J.},
        title = "{Indications of Neutrino Oscillation in a 250km Long-Baseline Experiment}",
      journal = {Phys. Rev. Lett.},
         year = 2003,
        month = jan,
       volume = {90},
       number = {4},
          eid = {041801},
        pages = {041801},
          doi = {10.1103/PhysRevLett.90.041801},
archivePrefix = {arXiv},
       eprint = {hep-ex/0212007},
 primaryClass = {hep-ex}
}

@article{minosDisapp,
  title = {Observation of Muon Neutrino Disappearance with the MINOS Detectors in the NuMI Neutrino Beam},
  author = {Michael, D. G. and Adamson, P. and Alexopoulos, T. and Allison, W. W. M. and Alner, G. J. and Anderson, K. and Andreopoulos, C. and Andrews, M. and Andrews, R. and Arms, K. E. and Armstrong, R. and Arroyo, C. and Auty, D. J. and Avvakumov, S. and Ayres, D. S. and Baller, B. and Barish, B. and Barker, M. A. and Barnes, P. D. and Barr, G. and Barrett, W. L. and Beall, E. and Becker, B. R. and Belias, A. and Bergfeld, T. and Bernstein, R. H. and Bhattacharya, D. and Bishai, M. and Blake, A. and Bocean, V. and Bock, B. and Bock, G. J. and Boehm, J. and Boehnlein, D. J. and Bogert, D. and Border, P. M. and Bower, C. and Boyd, S. and Buckley-Geer, E. and Bungau, C. and Byon-Wagner, A. and Cabrera, A. and Chapman, J. D. and Chase, T. R. and Cherdack, D. and Chernichenko, S. K. and Childress, S. and Choudhary, B. C. and Cobb, J. H. and Cossairt, J. D. and Courant, H. and Crane, D. A. and Culling, A. J. and Dawson, J. W. and de Jong, J. K. and DeMuth, D. M. and De Santo, A. and Dierckxsens, M. and Diwan, M. V. and Dorman, M. and Drake, G. and Drakoulakos, D. and Ducar, R. and Durkin, T. and Erwin, A. R. and Escobar, C. O. and Evans, J. J. and Fackler, O. D. and Falk Harris, E. and Feldman, G. J. and Felt, N. and Fields, T. H. and Ford, R. and Frohne, M. V. and Gallagher, H. R. and Gebhard, M. and Giurgiu, G. A. and Godley, A. and Gogos, J. and Goodman, M. C. and Gornushkin, Yu. and Gouffon, P. and Gran, R. and Grashorn, E. and Grossman, N. and Grudzinski, J. J. and Grzelak, K. and Guarino, V. and Habig, A. and Halsall, R. and Hanson, J. and Harris, D. and Harris, P. G. and Hartnell, J. and Hartouni, E. P. and Hatcher, R. and Heller, K. and Hill, N. and Ho, Y. and Holin, A. and Howcroft, C. and Hylen, J. and Ignatenko, M. and Indurthy, D. and Irwin, G. M. and Ishitsuka, M. and Jaffe, D. E. and James, C. and Jenner, L. and Jensen, D. and Joffe-Minor, T. and Kafka, T. and Kang, H. J. and Kasahara, S. M. S. and Kilmer, J. and Kim, H. and Kim, M. S. and Koizumi, G. and Kopp, S. and Kordosky, M. and Koskinen, D. J. and Kostin, M. and Kotelnikov, S. K. and Krakauer, D. A. and Kreymer, A. and Kumaratunga, S. and Ladran, A. S. and Lang, K. and Laughton, C. and Lebedev, A. and Lee, R. and Lee, W. Y. and Libkind, M. A. and Ling, J. and Liu, J. and Litchfield, P. J. and Litchfield, R. P. and Longley, N. P. and Lucas, P. and Luebke, W. and Madani, S. and Maher, E. and Makeev, V. and Mann, W. A. and Marchionni, A. and Marino, A. D. and Marshak, M. L. and Marshall, J. S. and Mayer, N. and McDonald, J. and McGowan, A. M. and Meier, J. R. and Merzon, G. I. and Messier, M. D. and Milburn, R. H. and Miller, J. L. and Miller, W. H. and Mishra, S. R. and Mislivec, A. and Miyagawa, P. S. and Moore, C. D. and Morf\'{\i}n, J. and Morse, R. and Mualem, L. and Mufson, S. and Murgia, S. and Murtagh, M. J. and Musser, J. and Naples, D. and Nelson, C. and Nelson, J. K. and Newman, H. B. and Nezrick, F. and Nichol, R. J. and Nicholls, T. C. and Ochoa-Ricoux, J. P. and Oliver, J. and Oliver, W. P. and Onuchin, V. A. and Osiecki, T. and Ospanov, R. and Paley, J. and Paolone, V. and Para, A. and Patzak, T. and Pavlovi\ifmmode \acute{c}\else \'{c}\fi{}, \ifmmode \check{Z}\else \v{Z}\fi{}. and Pearce, G. F. and Pearson, N. and Peck, C. W. and Perry, C. and Peterson, E. A. and Petyt, D. A. and Ping, H. and Piteira, R. and Pittam, R. and Pla-Dalmau, A. and Plunkett, R. K. and Price, L. E. and Proga, M. and Pushka, D. R. and Rahman, D. and Rameika, R. A. and Raufer, T. M. and Read, A. L. and Rebel, B. and Reichenbacher, J. and Reyna, D. E. and Rosenfeld, C. and Rubin, H. A. and Ruddick, K. and Ryabov, V. A. and Saakyan, R. and Sanchez, M. C. and Saoulidou, N. and Schneps, J. and Schoessow, P. V. and Schreiner, P. and Schwienhorst, R. and Semenov, V. K. and Seun, S.-M. and Shanahan, P. and Shield, P. D. and Smart, W. and Smirnitsky, V. and Smith, C. and Smith, P. N. and Sousa, A. and Speakman, B. and Stamoulis, P. and Stefanik, A. and Sullivan, P. and Swan, J. M. and Symes, P. A. and Tagg, N. and Talaga, R. L. and Terekhov, A. and Tetteh-Lartey, E. and Thomas, J. and Thompson, J. and Thomson, M. A. and Thron, J. L. and Tinti, G. and Trendler, R. and Trevor, J. and Trostin, I. and Tsarev, V. A. and Tzanakos, G. and Urheim, J. and Vahle, P. and Vakili, M. and Vaziri, K. and Velissaris, C. and Verebryusov, V. and Viren, B. and Wai, L. and Ward, C. P. and Ward, D. R. and Watabe, M. and Weber, A. and Webb, R. C. and Wehmann, A. and West, N. and White, C. and White, R. F. and Wojcicki, S. G. and Wright, D. M. and Wu, Q. K. and Yan, W. G. and Yang, T. and Yumiceva, F. X. and Yun, J. C. and Zheng, H. and Zois, M. and Zwaska, R.},
  collaboration = {MINOS Collaboration},
  journal = {Phys. Rev. Lett.},
  volume = {97},
  issue = {19},
  pages = {191801},
  numpages = {6},
  year = {2006},
  month = Nov,
  publisher = {American Physical Society},
  doi = {10.1103/PhysRevLett.97.191801}
}

@article{novaRecent,
       author = {{Acero}, M.~A. and {Adamson}, P. and {Aliaga}, L. and {Alion}, T. and
         {Allakhverdian}, V. and {Altakarli}, S. and {Anfimov}, N. and
         {Antoshkin}, A. and {Aurisano}, A. and {Back}, A. and {Backhouse}, C. and
         {Baird}, M. and {Balashov}, N. and {Baldi}, P. and {Bambah}, B.~A. and
         {Bashar}, S. and {Bays}, K. and {Bending}, S. and {Bernstein}, R. and
         {Bhatnagar}, V. and {Bhuyan}, B. and {Bian}, J. and {Blackburn}, T. and
         {Blair}, J. and {Booth}, A.~C. and {Bour}, P. and {Bromberg}, C. and
         {Buchanan}, N. and {Butkevich}, A. and {Calvez}, S. and {Campbell}, M. and
         {Carroll}, T.~J. and {Catano-Mur}, E. and {Cedeno}, A. and
         {Childress}, S. and {Choudhary}, B.~C. and {Chowdhury}, B. and
         {Coan}, T.~E. and {Colo}, M. and {Cooper}, J. and {Corwin}, L. and
         {Cremonesi}, L. and {Davies}, G.~S. and {Derwent}, P.~F. and
         {Ding}, P. and {Djurcic}, Z. and {Doyle}, D. and {Dukes}, E.~C. and
         {Duyang}, H. and {Edayath}, S. and {Ehrlich}, R. and {Elkins}, M. and
         {Feldman}, G.~J. and {Filip}, P. and {Flanagan}, W. and {Frank}, M.~J. and
         {Gallagher}, H.~R. and {Gandrajula}, R. and {Gao}, F. and
         {Germani}, S. and {Giri}, A. and {Gomes}, R.~A. and {Goodman}, M.~C. and
         {Grichine}, V. and {Groh}, M. and {Group}, R. and {Guo}, B. and
         {Habig}, A. and {Hakl}, F. and {Hartnell}, J. and {Hatcher}, R. and
         {Hatzikoutelis}, A. and {Heller}, K. and {Hewes}, J. and {Himmel}, A. and
         {Holin}, A. and {Howard}, B. and {Huang}, J. and {Hylen}, J. and
         {Jediny}, F. and {Johnson}, C. and {Judah}, M. and {Kakorin}, I. and
         {Kalra}, D. and {Kaplan}, D.~M. and {Keloth}, R. and {Klimov}, O. and
         {Koerner}, L.~W. and {Kolupaeva}, L. and {Kotelnikov}, S. and
         {Kourbanis}, I. and {Kreymer}, A. and {Kulenberg}, Ch. and {Kumar}, A. and
         {Kuruppu}, C.~D. and {Kus}, V. and {Lackey}, T. and {Lang}, K. and
         {Lin}, S. and {Lokajicek}, M. and {Lozier}, J. and {Luchuk}, S. and
         {Maan}, K. and {Magill}, S. and {Mann}, W.~A. and {Marshak}, M.~L. and
         {Martinez-Casales}, M. and {Matveev}, V. and {M{\'e}ndez}, D.~P. and
         {Messier}, M.~D. and {Meyer}, H. and {Miao}, T. and {Miller}, W.~H. and
         {Mishra}, S.~R. and {Mislivec}, A. and {Mohanta}, R. and {Moren}, A. and
         {Mualem}, L. and {Muether}, M. and {Mufson}, S. and {Mulder}, K. and
         {Murphy}, R. and {Musser}, J. and {Naples}, D. and {Nayak}, N. and
         {Nelson}, J.~K. and {Nichol}, R. and {Nikseresht}, G. and {Niner}, E. and
         {Norman}, A. and {Nosek}, T. and {Olshevskiy}, A. and {Olson}, T. and
         {Paley}, J. and {Patterson}, R.~B. and {Pawloski}, G. and
         {Pershey}, D. and {Petrova}, O. and {Petti}, R. and {Phan}, D.~D. and
         {Plunkett}, R.~K. and {Potukuchi}, B. and {Principato}, C. and
         {Psihas}, F. and {Radovic}, A. and {Raj}, V. and {Rameika}, R.~A. and
         {Rebel}, B. and {Rojas}, P. and {Ryabov}, V. and {Samoylov}, O. and
         {Sanchez}, M.~C. and {S{\'a}nchez Falero}, S. and {Seong}, I.~S. and
         {Shanahan}, P. and {Sheshukov}, A. and {Singh}, P. and {Singh}, V. and
         {Smith}, E. and {Smolik}, J. and {Snopok}, P. and {Solomey}, N. and
         {Song}, E. and {Sousa}, A. and {Soustruznik}, K. and {Strait}, M. and
         {Suter}, L. and {Sutton}, A. and {Talaga}, R.~L. and
         {Tapia Oregui}, B. and {Tas}, P. and {Thayyullathil}, R.~B. and
         {Thomas}, J. and {Tiras}, E. and {Torbunov}, D. and {Tripathi}, J. and
         {Tsaris}, A. and {Torun}, Y. and {Urheim}, J. and {Vahle}, P. and
         {Vasel}, J. and {Vinton}, L. and {Vokac}, P. and {Vrba}, T. and
         {Wallbank}, M. and {Wang}, B. and {Warburton}, T.~K. and
         {Wetstein}, M. and {While}, M. and {Whittington}, D. and
         {Wojcicki}, S.~G. and {Wolcott}, J. and {Yadav}, N. and
         {Yallappa Dombara}, A. and {Yonehara}, K. and {Yu}, S. and
         {Zadorozhnyy}, S. and {Zalesak}, J. and {Zamorano}, B. and
         {Zwaska}, R. and {NOvA Collaboration}},
        title = "{First measurement of neutrino oscillation parameters using neutrinos and antineutrinos by NOvA}",
      journal = {Phys. Rev. Lett.},
     keywords = {High Energy Physics - Experiment},
         year = 2019,
        month = oct,
       volume = {123},
       number = {15},
          eid = {151803},
        pages = {151803},
          doi = {10.1103/PhysRevLett.123.151803},
archivePrefix = {arXiv},
       eprint = {1906.04907},
 primaryClass = {hep-ex}
}

@article{t2kRecent,
  author = {Abe, K. and Akutsu, R. and Ali, A. and Alt, C. and Andreopoulos, C. and Anthony, L. and Antonova, M. and Aoki, S. and Ariga, A. and Arihara, T. and Asada, Y. and Ashida, Y. and Atkin, E. T. and Awataguchi, Y. and Ban, S. and Barbi, M. and Barker, G. J. and Barr, G. and Barrow, D. and Barry, C. and Batkiewicz-Kwasniak, M. and Beloshapkin, A. and Bench, F. and Berardi, V. and Berkman, S. and Berns, L. and Bhadra, S. and Bienstock, S. and Blondel, A. and Bolognesi, S. and Bourguille, B. and Boyd, S. B. and Brailsford, D. and Bravar, A. and Berguño, D. Bravo and Bronner, C. and Bubak, A. and Avanzini, M. Buizza and Calcutt, J. and Campbell, T. and Cao, S. and Cartwright, S. L. and Catanesi, M. G. and Cervera, A. and Chappell, A. and Checchia, C. and Cherdack, D. and Chikuma, N. and Cicerchia, M. and Christodoulou, G. and Coleman, J. and Collazuol, G. and Cook, L. and Coplowe, D. and Cudd, A. and Dabrowska, A. and De Rosa, G. and Dealtry, T. and Denner, P. F. and Dennis, S. R. and Densham, C. and Di Lodovico, F. and Dokania, N. and Dolan, S. and Doyle, T. A. and Drapier, O. and Dumarchez, J. and Dunne, P. and Eguchi, A. and Eklund, L. and Emery-Schrenk, S. and Ereditato, A. and Fernandez, P. and Feusels, T. and Finch, A. J. and Fiorentini, G. A. and Fiorillo, G. and Francois, C. and Friend, M. and Fujii, Y. and Fujita, R. and Fukuda, D. and Fukuda, R. and Fukuda, Y. and Fusshoeller, K. and Gameil, K. and Giganti, C. and Golan, T. and Gonin, M. and Gorin, A. and Guigue, M. and Hadley, D. R. and Haigh, J. T. and Hamacher-Baumann, P. and Hartz, M. and Hasegawa, T. and Hassani, S. and Hastings, N. C. and Hayashino, T. and Hayato, Y. and Hiramoto, A. and Hogan, M. and Holeczek, J. and Hong Van, N. T. and Iacob, F. and Ichikawa, A. K. and Ikeda, M. and Ishida, T. and Ishii, T. and Ishitsuka, M. and Iwamoto, K. and Izmaylov, A. and Jakkapu, M. and Jamieson, B. and Jenkins, S. J. and Jesús-Valls, C. and Jiang, M. and Johnson, S. and Jonsson, P. and Jung, C. K. and Junjie, X. and Jurj, P. B. and Kabirnezhad, M. and Kaboth, A. C. and Kajita, T. and Kakuno, H. and Kameda, J. and Karlen, D. and Kasetti, S. P. and Kataoka, Y. and Katori, T. and Kato, Y. and Kearns, E. and Khabibullin, M. and Khotjantsev, A. and Kikawa, T. and Kikutani, H. and Kim, H. and Kim, J. and King, S. and Kisiel, J. and Knight, A. and Knox, A. and Kobayashi, T. and Koch, L. and Koga, T. and Konaka, A. and Kormos, L. L. and Koshio, Y. and Kostin, A. and Kowalik, K. and Kubo, H. and Kudenko, Y. and Kukita, N. and Kuribayashi, S. and Kurjata, R. and Kutter, T. and Kuze, M. and Labarga, L. and Lagoda, J. and Lamoureux, M. and Laveder, M. and Lawe, M. and Licciardi, M. and Lindner, T. and Litchfield, R. P. and Liu, S. L. and Li, X. and Longhin, A. and Ludovici, L. and Lu, X. and Lux, T. and Machado, L. N. and Magaletti, L. and Mahn, K. and Malek, M. and Manly, S. and Maret, L. and Marino, A. D. and Marti-Magro, L. and Martin, J. F. and Maruyama, T. and Matsubara, T. and Matsushita, K. and Matveev, V. and Mavrokoridis, K. and Mazzucato, E. and McCarthy, M. and McCauley, N. and McElwee, J. and McFarl and, K. S. and McGrew, C. and Mefodiev, A. and Metelko, C. and Mezzetto, M. and Minamino, A. and Mineev, O. and Mine, S. and Miura, M. and Bueno, L. Molina and Moriyama, S. and Morrison, J. and Mueller, Th. A. and Munteanu, L. and Murphy, S. and Nagai, Y. and Nakadaira, T. and Nakahata, M. and Nakajima, Y. and Nakamura, A. and Nakamura, K. G. and Nakamura, K. and Nakayama, S. and Nakaya, T. and Nakayoshi, K. and Nantais, C. and Naseby, C. E. R. and Ngoc, T. V. and Niewczas, K. and Nishikawa, K. and Nishimura, Y. and Noah, E. and Nonnenmacher, T. S. and Nova, F. and Novella, P. and Nowak, J. and Nugent, J. C. and O’Keeffe, H. M. and O’Sullivan, L. and Odagawa, T. and Okumura, K. and Okusawa, T. and Oser, S. M. and Owen, R. A. and Oyama, Y. and Palladino, V. and Palomino, J. L. and Paolone, V. and Pari, M. and Parker, W. C. and Parsa, S. and Pasternak, J. and Paudyal, P. and Pavin, M. and Payne, D. and Penn, G. C. and Pickering, L. and Pidcott, C. and Pintaudi, G. and Guerra, E. S. Pinzon and Pistillo, C. and Popov, B. and Porwit, K. and Posiadala-Zezula, M. and Pritchard, A. and Quilain, B. and Radermacher, T. and Radicioni, E. and Radics, B. and Ratoff, P. N. and Reinherz-Aronis, E. and Riccio, C. and Rondio, E. and Roth, S. and Rubbia, A. and Ruggeri, A. C. and Ruggles, C. A. and Rychter, A. and Sakashita, K. and Sánchez, F. and Santucci, G. and Schloesser, C. M. and Scholberg, K. and Schwehr, J. and Scott, M. and Seiya, Y. and Sekiguchi, T. and Sekiya, H. and Sgalaberna, D. and Shah, R. and Shaikhiev, A. and Shaker, F. and Shaykina, A. and Shiozawa, M. and Shorrock, W. and Shvartsman, A. and Smirnov, A. and Smy, M. and Sobczyk, J. T. and Sobel, H. and Soler, F. J. P. and Sonoda, Y. and Steinmann, J. and Suvorov, S. and Suzuki, A. and Suzuki, S. Y. and Suzuki, Y. and Sztuc, A. A. and Tada, M. and The T2K Collaboration},
  title = {"Constraint on the matter–antimatter symmetry-violating phase in neutrino oscillations"},
  journal = {Nature},
  month = apr,
  year = {2020},
  doi = {10.1038/s41586-020-2177-0},
  pages = {339--344},
  volume = 580
}

@article{nufit4,
       author = {{Esteban}, Ivan and {Gonzalez-Garcia}, M.~C. and {Hernand
        ez-Cabezudo}, Alvaro and {Maltoni}, Michele and {Schwetz}, Thomas},
        title = "{Global analysis of three-flavour neutrino oscillations: synergies and tensions in the determination of {\ensuremath{\theta}} $_{23}$, {\ensuremath{\delta}} $_{CP}$, and the mass ordering}",
      journal = {Journal of High Energy Physics},
     keywords = {Neutrino Physics, Solar and Atmospheric Neutrinos, High Energy Physics - Phenomenology, High Energy Physics - Experiment},
         year = 2019,
        month = jan,
       volume = {2019},
       number = {1},
          eid = {106},
        pages = {106},
          doi = {10.1007/JHEP01(2019)106},
archivePrefix = {arXiv},
       eprint = {1811.05487},
 primaryClass = {hep-ph}
}